<record><leader>00000cas a22000007a 4500</leader><controlfield tag="001">14289486</controlfield><controlfield tag="008">861001u1901uuuutxuuu ne      0    0eng d</controlfield><datafield ind1=" " ind2=" " tag="010"><subfield code="a">sn 86089389 </subfield></datafield><datafield ind1=" " ind2=" " tag="040"><subfield code="a">PPM</subfield><subfield code="b">eng</subfield><subfield code="c">PPM</subfield><subfield code="d">OCLCQ</subfield></datafield><datafield ind1=" " ind2=" " tag="042"><subfield code="a">msc</subfield></datafield><datafield ind1="0" ind2="4" tag="245"><subfield code="a">The Iredell index.</subfield></datafield><datafield ind1=" " ind2=" " tag="260"><subfield code="a">Iredell, Tex. :</subfield><subfield code="b">J.H. Neel</subfield></datafield><datafield ind1=" " ind2=" " tag="300"><subfield code="a">v. :</subfield><subfield code="b">ill.</subfield></datafield><datafield ind1="1" ind2=" " tag="362"><subfield code="a">Began in 1901?</subfield></datafield><datafield ind1=" " ind2=" " tag="588"><subfield code="a">Description based on: Vol. 2, no. 9 (Aug. 29, 1902).</subfield></datafield><datafield ind1=" " ind2=" " tag="752"><subfield code="a">United States</subfield><subfield code="b">Texas</subfield><subfield code="c">Bosque</subfield><subfield code="d">Iredell.</subfield></datafield><datafield ind1="1" ind2=" " tag="029"><subfield code="a">AU@</subfield><subfield code="b">000025840129</subfield></datafield></record>